@ARTICLE{1931ApJ....74...43H,
   author = {{Hubble}, E. and {Humason}, M.~L.},
    title = "{The Velocity-Distance Relation among Extra-Galactic Nebulae}",
  journal = {\apj},
     year = 1931,
    month = jul,
   volume = 74,
    pages = {43},
      doi = {10.1086/143323},
   adsurl = {http://adsabs.harvard.edu/abs/1931ApJ....74...43H},
  adsnote = {Provided by the SAO/NASA Astrophysics Data System}
}

@ARTICLE{2012MNRAS.421.2251W,
   author = {{Wittman}, D. and {Ryan}, R. and {Thorman}, P.},
    title = "{Ubercalibration of the Deep Lens Survey}",
  journal = {\mnras},
     year = 2012,
    month = apr,
   volume = 421,
    pages = {2251-2263},
      doi = {10.1111/j.1365-2966.2012.20458.x},
   adsurl = {http://adsabs.harvard.edu/abs/2012MNRAS.421.2251W},
  adsnote = {Provided by the SAO/NASA Astrophysics Data System}
}


@ARTICLE{2017arXiv170506766B,
   author = {{Bosch}, J. and {Armstrong}, R. and {Bickerton}, S. and {Furusawa}, H. and 
	{Ikeda}, H. and {Koike}, M. and {Lupton}, R. and {Mineo}, S. and 
	{Price}, P. and {Takata}, T. and {Tanaka}, M. and {Yasuda}, N. and 
	{AlSayyad}, Y. and {Becker}, A.~C. and {Coulton}, W. and {Coupon}, J. and 
	{Garmilla}, J. and {Huang}, S. and {Krughoff}, K.~S. and {Lang}, D. and 
	{Leauthaud}, A. and {Lim}, K.-T. and {Lust}, N.~B. and {MacArthur}, L.~A. and 
	{Mandelbaum}, R. and {Miyatake}, H. and {Miyazaki}, S. and {Murata}, R. and 
	{More}, S. and {Okura}, Y. and {Owen}, R. and {Swinbank}, J.~D. and 
	{Strauss}, M.~A. and {Yamada}, Y. and {Yamanoi}, H.},
    title = "{The Hyper Suprime-Cam Software Pipeline}",
  journal = {ArXiv e-prints},
archivePrefix = "arXiv",
   eprint = {1705.06766},
 primaryClass = "astro-ph.IM",
 keywords = {Astrophysics - Instrumentation and Methods for Astrophysics},
     year = 2017,
    month = may,
   adsurl = {http://adsabs.harvard.edu/abs/2017arXiv170506766B},
  adsnote = {Provided by the SAO/NASA Astrophysics Data System}
}